@article{TileTick,
    author = {Fallen\_Breath},
    title = {计划刻元件},
    journal = {深度剖析Minecraft},
    volume = {3.4},
    year = {2020},
    note = {\url{https://fallenbreath.me/2020/09/17/deeply-dissecting-minecraft_3.4/}}
}

@article{Vertical,
    author = {森森},
    title = {《红石逻辑电路: 从入门到精通》〔第一章〕},
    journal = {红色的粉末},
    year = {2020},
    note = {\url{https://zhuanlan.zhihu.com/p/159153610}}
}

@article{Wall,
    author = {森森},
    title = {关于“墙”在Minecraft红石数字电路中的应用},
    journal = {红色的粉末},
    year = {2021},
    note = {\url{https://zhuanlan.zhihu.com/p/375262793}}
}

@misc{ORE,
  author = {ORE},
  title = {Open Redstone Engineers},
  note = {\url{https://openredstone.org/}}
}