@article{full_adder,
	title={【{M}inecraft】 红石计算器 教程(4)全加器},
	author={Jayce丶H},
	journal={Minecraft红石计算器系列教程},
	year={2020},
	url={\url{https://www.bilibili.com/video/BV1xK411J76y}}
}