@misc{ref1,
	title={【红石科技】摩尔定律大胜利！超高密度潜影盒硬盘，一个箱子能装一首《卡农》| 基于倒序装填技术的高密度潜影盒ROM},
	author={{redberd小红}},
    year={2021},
	howpublished={\url{https://www.bilibili.com/video/BV1qv411A7JT/}}
}

@misc{ref2,
	title={【我的世界】2021年红石音乐新玩法 ｜ 编码红石音乐导论},
	author={{redberd小红}},
    year={2021},
	howpublished={\url{https://www.bilibili.com/video/BV1gg411F7DU/}}
}

@misc{ref3,
	title={【我的世界】用潜影盒播放TIS片头 | 用倒序装填法使可堆叠物品不堆叠},
	author={{redberd小红}},
    year={2020},
	howpublished={\url{https://www.bilibili.com/video/BV1zK411J7SS/}}
}

@misc{ref4,
	title={复制粘贴就行了 | 压缩格式、无压缩格式的倒序装填器},
	author={{redberd小红}},
    year={2021},
	howpublished={\url{https://www.bilibili.com/video/BV1f34y127EN/}}
}

@misc{ref5,
	title={潜影盒倒序装填器原理讲解},
	author={{redberd小红}},
    year={2021},
	howpublished={\url{https://www.bilibili.com/video/BV1d44y187pg/}}
}

@misc{ref6,
	title={【红石音乐】连续的长音！《卡农》 | 红石管风琴，原版生存可建造},
	author={{redberd小红}},
    year={2020},
	howpublished={\url{https://www.bilibili.com/video/BV1ii4y1u7bY/}}
}