@article{bib:art1,
    author = {作者},
    title = {标题},
    journal = {journal},
    volume = {volume},
    year = {year}
}

@misc{bib:misc1,
  title = {标题},
  note = {\url{https://example.com/}}
}
