@article{bib:wall-based-storage,
    author = {辰占鳌头},
    title = {基于石墙电路的随机存储器},
    journal = {红石数电评论},
    volume = {1},
    year = {2022}
}

@article{bib:wall,
    author = {森森},
    title = {关于“墙”在Minecraft红石数字电路中的应用},
    journal = {红色的粉末},
    year = {2021},
    note = {\url{https://zhuanlan.zhihu.com/p/375262793}}
}

@article{bib:tile-tick,
    author = {Fallen\_Breath},
    title = {计划刻},
    journal = {深度剖析Minecraft},
    volume = {3},
    year = {2020},
    note = {\url{https://fallenbreath.me/2020/09/16/deeply-dissecting-minecraft_3/}}
}

@article{bib:tile-tick-component,
    author = {Fallen\_Breath},
    title = {计划刻元件},
    journal = {深度剖析Minecraft},
    volume = {3.4},
    year = {2020},
    note = {\url{https://fallenbreath.me/2020/09/17/deeply-dissecting-minecraft_3.4/}}
}

@misc{bib:yarn,
  title = {yarn},
  note = {版本1.18.1+build.22. \url{https://github.com/FabricMC/yarn}}
}
