@article{5_3,
    author = {辰占鳌头},
    title = {“满五加三”算法的原理},
    journal = {【Minecraft】从零开始搭一台计算机},
    volume = {2},
    year = {2020},
    url = {https://www.bilibili.com/read/cv4942059}
}