@misc{bib:1,
    author = {辰占鳌头},
    title = {【Minecraft】全站首个红石汉字编码全像素显示屏 (4K)},
    note = {Bilibili, \href{https://www.bilibili.com/video/BV1wP4y1s7jy}{BV1wP4y1s7jy}}
}

@misc{bib:2,
    author = {章鱼千\hspace{-0.015cm}\_zhyq},
    title = {【minecraft红石】6分钟教你用纯红石电路造一个能打字的大型显示屏},
    note = {Bilibili, \href{https://www.bilibili.com/video/BV1Z7411K7a5}{BV1Z7411K7a5}}
}

@misc{bib:3,
    author = {YumNope},
    title = {在我的世界用纯红石显示屏做出的bad apple！},
    note = {Bilibili, \href{https://www.bilibili.com/video/BV1Je411s7E1}{BV1Je411s7E1}}
}

@misc{bib:4,
    author = {章鱼千\hspace{-0.015cm}\_zhyq},
    title = {【MC红石】我的世界数电计算器系列教程1\#：数字显示器},
    note = {Bilibili, \href{https://www.bilibili.com/video/BV1Hi4y1877f}{BV1Hi4y1877f}}
}

@misc{bib:5,
    author = {FredBill},
    title = {MC红石中的计算机图形学 纯电路Bresenham画线机 (从零开始搭一台计算机！番外篇)},
    note = {Bilibili, \href{https://www.bilibili.com/video/BV1za4y1Y7WS}{BV1za4y1Y7WS}}
}