@book{parhami2010computer,
	title={Computer arithmetic},
	author={Behrooz Parhami},
	volume={20},
	year={2010},
	publisher={Oxford university press}
}
@Misc{RLC,
	title={红石逻辑电路: 从入门到精通},
	author={{VORTEX-offline}},
	howpublished={\url{https://www.bilibili.com/read/cv6754204}}
}
@book{patterson2017risc,
  title={The RISC-V Reader: an open architecture Atlas},
  author={Patterson, David and Waterman, Andrew},
  year={2017},
  publisher={Strawberry Canyon}
}
